2183 2877
1709 264 1843 312 XXV

322 374 452 435 diqpe
476 369 703 430 congestam
733 382 968 428 magnoque
1003 380 1279 430 comparatam
1313 374 1477 431 pretio,
1506 376 1611 419 viris
1649 375 1840 421 dostrina

318 437 473 479 ornatis
506 436 789 480 committeret
814 432 1019 477 vtendam.
1084 436 1237 492 Neque
1265 435 1412 477 irritus
1436 433 1552 477 istius
1571 437 1687 483 labor
1710 442 1838 483 relin-

319 497 549 555 quebatur3
576 495 646 537 sed
668 507 844 536 euentus
871 496 1024 554 optatis
1050 494 1163 536 illius
1197 495 1317 553 plane
1345 494 1632 556 respondebat.
1696 504 1838 562 Quare

318 561 362 602 in
379 558 598 602 Musarum
623 569 664 598 et
681 556 892 615 Apollinis
913 552 1118 599 honorem
1140 556 1260 597 ludos
1290 557 1481 611 instituit,
1509 561 1554 600 in
1578 560 1731 619 quibus
1755 579 1839 606 non

316 620 562 677 gladiatores
584 615 743 672 solum3
778 615 846 660 sed
871 618 1011 660 omnis
1036 618 1200 674 generis
1226 614 1445 677 scriptores
1471 621 1596 663 etiam
1629 635 1721 666 tum
1750 639 1839 667 cor-

314 682 459 740 poris;
488 693 579 721 tum
609 681 769 736 ingenii
792 680 902 721 vires
925 679 1124 721 tentando
1151 678 1202 721 de
1225 681 1431 738 praemio,
1452 683 1566 739 quod
1586 682 1673 742 ipse
1688 682 1839 729 viE‘tori

315 741 607 792 constituerat,
632 743 784 784 acriter
826 740 1112 800 disceptarent.
1175 743 1323 799 Qum
1351 756 1455 783 vero
1481 744 1516 783 is
1549 744 1702 788 adesset
1735 748 1837 798 dies,
1862 755 1866 758 '

313 817 401 860 quo
426 803 516 845 ludi
540 816 658 844 erant
694 801 1008 845 committendi:
1035 798 1143 843 nihil
1174 804 1292 860 prius
1323 801 1389 844 illi
1416 797 1523 850 fuit,
1554 818 1679 862 quam
1715 822 1766 849 vt
1788 822 1835 850 ex

314 863 580 906 eruditorum
613 877 740 919 grege
778 862 981 920 quosdam
1011 860 1225 918 seligeret,
1248 864 1324 921 qui
1347 862 1401 905 de
1428 862 1580 907 libellis
1615 867 1835 911 recitandis

312 922 555 967 sententiam
584 921 770 976 ferrent,
791 937 834 964 et
858 925 952 982 quis
979 924 1107 967 alteri
1133 924 1313 982 palmam
1343 926 1645 984 praeripuerit,
1683 928 1834 971 iudica-

309 1000 419 1031 rent.
486 984 712 1029 Constituit
738 985 807 1038 ita,
827 999 875 1028 vt
895 982 1055 1045 septem
1075 986 1158 1028 viri
1178 983 1371 1029 dostrina
1391 986 1635 1046 artibusque
1678 989 1834 1034 imbuti

307 1047 419 1091 ludis
450 1046 698 1107 praeessent.
767 1048 919 1102 Quum
938 1062 1063 1100 vero,
1088 1044 1153 1088 sex
1178 1061 1201 1089 e
1228 1048 1397 1090 ciuitate
1415 1045 1581 1106 elegiis,
1608 1048 1833 1108 septimum

305 1124 392 1152 non
425 1108 559 1152 statim
597 1109 825 1163 inueniret,
858 1110 932 1167 qui
958 1108 1060 1150 hanc
1078 1106 1130 1149 ad
1154 1122 1243 1150 rem
1270 1108 1547 1167 peragendam
1572 1109 1648 1169 ipsi
1671 1112 1831 1157 videre-

304 1184 378 1212 tur
400 1171 598 1213 idoneus:
629 1185 721 1212 rem
740 1170 790 1211 ad
819 1185 889 1210 eos
908 1169 1070 1218 retulit,
1101 1182 1207 1226 quos
1224 1167 1499 1212 bibliothecae
1517 1171 1691 1214 habebat
1712 1189 1832 1231 prae-

302 1227 435 1273 fefiios
453 1265 464 1284 ,
486 1244 613 1290 atque
634 1231 752 1272 exiis
785 1228 1003 1287 quaefiuit,
1022 1226 1192 1283 essetne,
1219 1231 1286 1272 cui
1310 1230 1353 1273 id
1385 1234 1569 1274 muneris
1594 1232 1730 1290 posset
1762 1234 1831 1278 de-

303 1292 501 1334 mandari.
554 1296 612 1334 At
631 1291 696 1334 isti
725 1291 1050 1349 Aristophanem
1077 1290 1299 1349 quemdam
1327 1290 1411 1334 esse
1444 1292 1663 1347 dixerunt,
1700 1311 1828 1354 quem

300 1351 471 1409 lingulis
502 1351 650 1394 diebus
671 1353 715 1393 in
735 1350 867 1405 libris,
888 1367 937 1394 ex
959 1352 1109 1393 ordine
1132 1351 1318 1407 legendis
1341 1352 1583 1412 summaque
1609 1355 1827 1411 diligentia

303 1412 623 1474 perscrutandiS,
644 1410 928 1472 conspicerent
954 1425 1215 1472 occupatum.
1281 1414 1481 1474 Qiorum
1518 1418 1707 1460 oratione
1730 1434 1827 1478 per.

306 1491 451 1535 cepm,
508 1477 672 1531 cogitur
705 1474 963 1531 multitud03
993 1475 1252 1517 conueniunt
1282 1478 1530 1530 agitatores3
1569 1477 1739 1533 lingulis
1760 1482 1826 1523 iu-

300 1537 463 1580 dicibus
488 1534 747 1578 definiuntur
776 1533 917 1581 sedem
955 1533 1256 1592 Aristophanes
1276 1550 1372 1577 cum
1406 1538 1554 1578 ceteris
1580 1538 1825 1593 accersstur3

303 1598 470 1651 accedit,
499 1612 646 1654 eoque,
667 1610 794 1652 quem
817 1594 894 1654 ipsi
917 1594 1168 1650 indicarent,
1190 1595 1284 1637 loco
1310 1611 1404 1637 cum
1425 1600 1573 1639 ceteris
1614 1600 1822 1644 adcubuit.

303 1660 600 1702 Admittuntur
621 1655 760 1713 postea
778 1661 939 1714 poe'tae,
962 1667 1008 1696 vt
1027 1656 1216 1713 primum
1241 1656 1353 1698 inter
1374 1654 1413 1698 se
1443 1671 1743 1714 concertarent,
1761 1676 1823 1706 at-

304 1736 400 1779 que,
419 1734 522 1777 quae
532 1715 844 1774 elucubratum,
861 1717 1019 1772 ingenii
1039 1718 1297 1759 monimenta
1312 1719 1544 1762 recitarent.
1576 1721 1669 1777 Qi
1687 1738 1820 1780 quum

300 1782 451 1840 scripta
487 1777 556 1822 sua
586 1779 804 1835 legerent:
859 1777 1070 1836 populus,
1101 1777 1208 1835 quae
1230 1776 1305 1820 suo
1337 1778 1619 1837 probarentur
1650 1784 1820 1839 iudicio,

296 1844 402 1887 varii
439 1842 604 1899 generis
640 1838 764 1895 {ignis
804 1839 991 1882 iudicum
1038 1836 1244 1881 consessui
1282 1837 1510 1896 fignificat-e
1547 1842 1657 1886 haud
1692 1846 1820 1889 inter-

296 1902 418 1948 mifit.
481 1905 627 1961 Qum
660 1914 760 1941 vero
800 1899 849 1940 ad
879 1899 1118 1940 id‘ventum
1148 1898 1208 1952 fit,
1239 1913 1284 1940 vt
1314 1901 1492 1958 quilibet
1516 1918 1563 1945 ex
1591 1903 1676 1947 istis
1705 1904 1817 1951 suam

297 1965 516 2024 explicaret
545 1960 811 2005 sententiam:
841 1961 907 2002 {ex
938 1961 1122 2016 priores,
1149 1975 1255 2016 quos
1292 1976 1363 2001 rex
1398 1964 1587 2018 primum
1619 1968 1813 2022 elegerat,

298 2042 383 2071 vno
408 2023 517 2086 quali
530 2038 607 2066 ore
626 2035 666 2065 et
687 2036 734 2064 ex
762 2017 992 2081 composito
1017 2034 1087 2064 eos
1115 2021 1303 2064 maximis
1319 2022 1586 2068 cumularunt
1606 2025 1813 2083 laudibus,

299 2090 572 2150 praemioque
601 2084 750 2140 dignos
779 2085 1126 2142 pronuntiarunt,
1158 2098 1265 2142 quos
1294 2081 1481 2126 indostas
1516 2088 1668 2146 populi
1694 2105 1813 2132 aures

299 2152 476 2196 maxime
525 2142 764 2189 demulfisse‘
802 2143 1112 2187 intellexerunt.
1174 2143 1240 2187 Ab
1281 2143 1434 2187 horum
1476 2162 1578 2191 vero
1627 2150 1809 2209 leuitate,

298 2227 383 2256 non
413 2211 548 2253 dicam
575 2206 833 2257 humilitate,
866 2219 1026 2249 tantum
1063 2201 1199 2248 abfuit
1224 2204 1543 2265 Aristophanes,
1577 2223 1642 2263 vt,
1677 2226 1810 2269 quum

297 2273 537 2318 sententiam
556 2282 791 2327 rogaretur,
813 2269 851 2311 ei
869 2269 943 2327 qui
967 2268 1125 2309 nemini
1150 2282 1198 2308 ex
1220 2267 1383 2325 populo
1400 2268 1621 2326 placuerat,
1653 2274 1809 2330 primas

298 2337 562 2396 palmamque
595 2331 814 2374 tribueret.
895 2328 1023 2388 Qod
1062 2343 1194 2386 quum
1233 2328 1565 2371 animaduersum
1600 2331 1683 2375 est:
1723 2350 1809 2377 non

299 2396 435 2441 solum
458 2411 506 2439 ex
530 2393 694 2453 populi,
708 2389 775 2434 sed
798 2391 922 2434 etiam
949 2406 996 2433 ex
1022 2390 1129 2447 regis
1150 2386 1319 2449 peROre
1340 2389 1451 2433 haud
1462 2391 1688 2437 mediocris
1715 2411 1806 2439 eru-

295 2462 362 2522 pit
392 2457 640 2514 indignatio.
699 2457 820 2496 Tum
849 2451 1146 2511 Aristophanes
1187 2449 1379 2509 surgere,
1409 2450 1627 2498 v{ilentium
1653 2455 1806 2515 efflagi-

298 2536 399 2577 tare,
421 2533 556 2578 eoque
573 2514 682 2564 fagio
703 2515 803 2561 haec
823 2514 873 2558 ad
897 2529 1039 2573 regem
1070 2514 1367 2619 populumque
1388 2514 1526 2559 dicere
1547 2519 1807 2623 coepit,f{sse

1677 2596 1703 2622 0
1752 2597 1807 2625 cx-
